2410 3562
184 141 580 230 exercitus.
635 145 896 256 Quod
952 143 1259 225 tandem
1315 145 1451 227 ‘ubi
1500 146 1616 230 est
1654 141 2082 263 assequutus,
2122 198 2142 251 3
2191 147 2295 234 ibi

185 262 572 347 Bafiliscos
616 264 1094 375 undeviginti
1150 261 1503 343 constitui
1561 266 1757 366 juffit
1790 325 1811 366 ‚
1881 293 2146 378 praeter
2186 271 2291 351 se÷

184 380 498 496 Xaginta
534 386 819 460 maiora
866 403 1246 459 tormenta
1273 439 1292 477 7
1343 380 1756 463 &minora
1803 416 2028 494 quam
2070 385 2295 494 pluri-¹-

185 528 316 579 ma
355 557 377 595 ,
430 526 595 607 quae
647 502 724 575 in
777 494 1213 578 stationibus
1261 497 1514 580 locata
1553 523 1760 579 erant
1789 559 1808 598 ,
1867 508 1994 612 qui
2034 494 2294 584 arcem

184 616 624 729 quindecim
649 611 838 720 ipsos
876 613 1029 694 dies
1056 613 1421 721 perpetu-3.
1438 611 1881 723 displofione
1905 618 2299 701 verberan-

180 755 305 811 tes
339 790 360 829 ,
405 755 705 810 tantum
732 728 958 807 cladis
998 729 1360 810 maenibus
1391 732 1708 812 attulere
1731 790 1751 828 ‚
1787 758 1876 813 ut
1920 732 2148 815 nostri
2171 765 2296 817 ex-

168 867 439 929 *tremo
486 848 729 927 coacti
766 849 878 923 uti
922 847 1259 924 remedio
1291 904 1313 943 ,
1362 851 1585 930 ruinis
1612 845 1779 956 ipsis
1817 872 2297 964 tegerentur,

185 960 411 1046 novis
439 992 531 1042 ex
559 962 850 1061 dejeero
879 961 1124 1067 lapide
1152 968 1381 1043 muris
1404 1023 1425 1061 ,
1464 964 1553 1042 ὃζ
1575 964 2297 1074 sepimentisraptirn

188 1109 288 1160 -ae
315 1077 809 1160 tumultuario
844 1082 1207 1158 excitatis.
1245 1081 1362 1158 Ea
1407 1078 1851 1186 tempestate
1889 1104 2203 1172 venerat
2229 1086 2307 1163 in

193 1193 457 1276 Castra
530 1197 721 1275 Rex
773 1194 1224 1274 Mamudius
1258 1252 1279 1291 ,
1339 1223 1492 1304 quo
1543 1200 1959 1303 imperante
1992 1254 2043 1296 ‚-
2078 1187 2304 1305 atque

195 1311 649 1392 adhortante
677 1314 862 1390 arcis
905 1315 1172 1391 maenia
1216 1339 1346 1417 per
1381 1313 1789 1392 continuos
1826 1311 1990 1393 dies
2017 1317 2310 1421 quatie-

199 1429 497 1508 bantur.
543 1429 663 1516 Ex
700 1424 1060 1506 continu-9:
1100 1425 1541 1535 displofione
1553 1428 1609 1529 J
1615 1427 2012 1508 acobaeum
2030 1455 2309 1535 propu-

199 1544 624 1657 gnaculum
643 1543 895 1623 solutis
914 1542 1065 1622 late
1087 1543 1587 1655 compagibus
1608 1599 1630 1638 ,
1655 1544 2074 1624 metuendo
2097 1536 2312 1624 hiatu

202 1657 554 1738 disceffit:
597 1681 948 1765 poterant
973 1664 1049 1738 in
1076 1685 1172 1738 eo
1210 1657 1287 1737 T
1291 1687 1489 1739 urcae
1514 1686 1721 1765 paene
1749 1687 2091 1767 exaequo
2129 1686 2311 1738 cum

202 1771 652 1884 praefidiariis
681 1777 1068 1886 congredi.
1128 1774 1213 1853 N
1217 1774 1542 1874 ullajam
1577 1771 1950 1882 supererat
1982 1801 2181 1854 muri
2205 1771 2316 1850 lo-

203 1895 400 1972 rica:
437 1890 657 1970 nullae
702 1895 1014 1970 omnino
1043 1897 1115 1971 in
1145 1912 1312 1969 tota
1341 1918 1508 1970 arce
1545 1894 1788 1995 pinnae
1817 1890 2310 1999 apparebant:

202 2012 465 2086 omnia
492 2007 902 2085 muralibus
931 2008 1301 2086 machinis
1328 2005 1806 2089 labefactata:
1835 2035 1923 2086 ea
1939 2032 2127 2086 Vero
2152 2031 2317 2083 mu-

208 2128 270 2203 ri
302 2152 503 2229 parS‚
533 2150 695 2229 quae
731 2124 883 2200 duo
908 2121 955 2201 S
967 2185 979 2196 .
991 2126 1046 2223 J
1052 2121 1275 2201 acobi
1297 2178 1316 2215 ‚
1353 2120 1439 2197 &
1468 2121 1538 2198 S.
1555 2122 1612 2219 J
1615 2127 1873 2198 oannis
1887 2112 2319 2231 propugnaq-

207 2238 386 2318 cula
424 2238 908 2334 interjacebat
934 2296 953 2334 ‚
986 2237 1362 2317 hostilium
1403 2239 1481 2314 vi
1522 2257 2077 2315 tormentorum
2113 2238 2324 2340 peni·-

213 2376 332 2433 tus
365 2356 666 2453 disjecta
694 2352 958 2432 fuerat..
985 2357 1041 2454 J
1048 2383 1171 2432 am
1219 2348 1819 2433 defiderabantur
1852 2378 1946 2430 ex
1988 2347 2326 2429 defenso-

213 2469 417 2554 ribus
452 2469 834 2575 permulti:
867 2469 1170 2547 sauciati
1202 2490 1413 2546 erant
1452 2466 1924 2572 complures:
1953 2487 2106 2545 tam
2134 2492 2328 2572 pau-

216 2588 292 2665 ci
320 2590 674 2665 nimirum
698 2642 717 2681 ,
744 2613 833 2663 ac
865 2604 1236 2691 perpetuo
1265 2610 1476 2689 paene
1498 2581 1752 2662 labore
1772 2639 1795 2676 ‚
1830 2584 2106 2688 quippe
2135 2579 2329 2659 diur-

212 2703 331 2779 no
357 2703 762 2781 nocturnus
790 2698 1334 2812 adjungebatur
1364 2756 1390 2794 „
1429 2697 1641 2779 fraffi
1674 2754 1695 2793 ‚
1731 2718 1821 2775 ut
1853 2694 2327 2801 summopere

223 2818 544 2895 arduum
576 2876 596 2914 ‚
648 2822 753 2895 ita
809 2817 1027 2921 pla-ne
1081 2810 1568 2895 necessarium
1619 2834 1776 2893 erat
1807 2868 1829 2906 ‚
1902 2809 2325 2897 brevissimo

225 2937 590 3037 temporis
619 2932 1011 3012 intervallo
1039 2930 1366 3010 laceram
1391 2929 1717 3008 totlocis
1744 2953 1998 3019 arcem
2024 2923 2332 3007 reficere

217 3049 743 3127 intendebant.
781 3046 1334 3127 Laborantibus
1369 3049 1541 3126 viris
1570 3042 1942 3130 strenuam
1959 3064 2334 3122 navarunt

223 3189 541 3277 operam
588 3163 907 3246 Dienses
953 3184 1318 3244 matronae
1345 3218 1369 3256 ,,
1419 3165 1610 3245 inter
1655 3187 1838 3269 quas
1888 3151 2336 3241 Elisabethae

2147 3274 2210 3354 F
2217 3299 2330 3355 er*
