2410 3562
223 119 361 210 12
945 69 1645 263 C'astreidos

189 350 246 452 J
253 376 377 429 am
405 344 702 445 lucem,
759 344 1133 456 &primi
1175 347 1530 439 lustrabat
1563 359 1908 468 lampade
1929 384 2167 451 &terras
2180 378 2211 468 ‚'
2306 395 2309 398 ·

202 461 834 573 Monstrabatque
866 465 1068 546 diem
1107 467 1385 550 miseris
1418 476 1863 560 mortalibus
1901 482 2180 568 abnam

197 575 551 661 Assuetas
579 579 903 665 referens
948 611 1202 684 curas,
1257 583 1652 699 solitosque
1685 592 1997 679 labores.
2087 656 2089 659 -

198 696 407 776 Cum
447 695 843 802 Cytherea
871 698 1152 781 >Venus
1178 760 1200 800 ‚
1259 724 1433 784 toto
1469 735 1631 815 quae
1667 710 1968 815 pectora
2007 711 2250 800 Lusos

195 812 486 893 Blanda
515 812 731 894 fovet
759 862 791 909 ‚2
839 811 1096 922 ,supera
1134 814 1432 901 classem
1479 822 1855 931 prospexit
1893 829 1986 908 ab
2023 857 2195 912 arce

179 929 236 1031 J
242 930 567 1018 mitatem
597 935 888 1010 ventis:
945 929 1147 1017 stetit
1180 938 1330 1014 acri
1355 933 1503 1016 fixa
1538 937 1799 1019 dolore
1831 998 1851 1036 ,

196 1045 508 1155 Terque
540 1066 773 1153 caput
804 1052 1141 1154 quatiens
1184 1050 1438 1129 maesto
1474 1047 1574 1130 sle
1608 1058 1911 1160 pec'tore
1940 1057 2166 1142 fatur.

195 1162 384 1240 Hoc
430 1190 618 1269 opus
654 1160 756 1240 est
792 1164 1117 1263 Bacchi,
1175 1188 1380 1246 certe
1413 1167 1578 1246 sunt
1600 1168 1731 1249 ista
1762 1172 1979 1276 Lyaei
2332 1265 2334 1267 ‚

188 1276 419 1359 Facta
448 1336 472 1375 ,
526 1275 650 1356 sed
694 1273 1052 1360 incassum
1082 1339 1102 1377 ‚
1157 1311 1336 1364 nam
1387 1312 1598 1363 mens
1639 1286 1979 1393 perversa
2013 1284 2303 1371 furores

187 1390 381 1471 Non
424 1392 614 1473 feret
649 1391 959 1473 ulterius
992 1430 1008 1470 ε
1069 1394 1285 1476 Lufis
1323 1397 1525 1478 illata
1566 1399 1934 1506 patebunt

121 1569 125 1578 2
182 1504 422 1589 Dana·
450 1510 662 1611 mihi.
687 1511 881 1588 Haec
914 1509 1166 1592 dicens
1187 1513 1511 1594 tumidas
1540 1515 1920 1596 descendit
1949 1518 2298 1601 adundas
2388 1545 2399 1555 ·’

188 1622 586 1722 occeani,
644 1624 1019 1732 celerique
1044 1629 1256 1709 volat
1293 1659 1421 1736 per
1451 1633 1694 1710 inania
1729 1632 1981 1730 cursu,
2342 1658 2344 1660 ’

181 1736 644 1847 Neptunum
686 1741 1088 1849 alloquitur
1116 1803 1138 1843 ‚
1194 1745 1543 1854 diffisque
1581 1746 1880 1853 inspirat
1924 1775 2291 1828 amorem.
2396 1768 2398 1771 ’

181 1854 410 1937 Clara
447 1862 671 1966 patris
713 1857 1004 1943 soboles
1048 1859 1387 1959 Saturni,
1443 1864 1795 1943 Maxime
1836 1863 2191 1970 Princeps
2218 1920 2242 1961 ‚

179 1970 526 2051 Numina
569 2002 798 2082 quem
837 1974 1090 2088 pelagi
1135 1976 1431 2056 summo
1469 2000 1909 2058 reverentur
1951 1977 2242 2061 honore
2271 2034 2295 2076 ‚

179 2087 274 2164 In
313 2108 388 2165 te
432 2083 635 2197 siqua
675 2086 918 2194 potest
954 2147 975 2184 ‚
1027 2089 1296 2170 vestras
1331 2091 1456 2171 vel
1500 2091 1867 2196 forteper
1914 2121 2126 2171 aures

177 2199 498 2282 Nomen
556 2209 642 2284 iit
684 2204 1015 2286 Veneris
1044 2262 1065 2302 ,
1110 2207 1406 2304 jadiatis
1446 2233 1746 2314 aequore
1809 2210 2056 2286 ventis

181 2314 526 2398 Lufiadis
586 2319 927 2400 succurre
987 2327 1175 2401 meis
1222 2379 1243 2418 ,
1298 2322 1700 2434 pelagique
1754 2319 2069 2401 furentis

175 2434 626 2517 Horrisonas
670 2434 1071 2541 compesce
1109 2441 1383 2532 minas,
1441 2434 1841 2542 compesce
1886 2434 2176 2519 furores
2236 2524 2243 2526 ,

175 2547 269 2626 In
299 2578 471 2631 mea
497 2551 768 2631 damna
799 2548 962 2631 suos
982 2610 1002 2649 ‚
1060 2551 1149 2630 &
1179 2574 1433 2658 aperta
1456 2552 1790 2659 pericula
1819 2557 2088 2629 nauti-s.

170 2661 365 2744 Non
392 2665 566 2745 tulit
595 2671 992 2774 impatiens
1029 2669 1425 2764 Venerem
1463 2692 1647 2747 tunc
1684 2666 1931 2757 dicere
1958 2665 2170 2773 plura

171 2776 584 2888 Neptunus
608 2841 629 2878 ‚
683 2782 1082 2891 motosque
1117 2784 1332 2879 jubet
1370 2810 1836 2891 componere
1870 2779 2160 2861 flustus.
2269 2872 2274 2875 ‚

157 2895 216 2995 J
221 2923 340 2975 am
372 2921 616 3003 ponto
654 2899 849 2978 redit
888 2899 1038 2978 alta
1080 2904 1286 3007 quies
1309 2959 1328 2997 ,
1376 2905 1537 2998 jam
1566 2900 1803 2978 lenior
1840 2924 2022 2975 aura

172 3008 598 3118 Componit
648 3014 897 3128 pelagi
933 3015 1215 3101 rabiem
1245 3075 1265 3112 ,
1314 3011 1716 3123 politoque
1770 3012 2110 3093 tumultu

171 3127 265 3207 In
293 3156 496 3210 nova
529 3137 782 3238 pacati
824 3138 1170 3215 coierunt
1218 3129 1484 3213 faedera
1534 3131 1769 3211 venti.
2094 3243 2179 3320 N
2269 3216 2271 3218 ,
2369 3212 2385 3220 ,,

2175 3271 2283 3323 on
