2410 3562
100 163 666 255 imminentesin
691 163 1185 266 irruptionem
1207 179 1583 239 trecentos
1612 184 1652 239 e
1679 148 2190 237 Man-iudianis

99 275 487 384 oppressit.x
524 274 884 384 Quatuor
908 281 1077 374 jam
1120 274 1402 355 menses
1433 273 1899 353 obsidionem
1926 288 2197 379 pree-tu-

98 393 332 485 lerant
368 385 707 469 Lusitani
741 450 761 486 ‚
807 420 986 470 cum
1025 419 1116 470 ex
1162 391 1353 470 adeo
1389 397 1646 496 paucis
1689 391 1912 497 aliqui
1961 388 2197 483 ferme

101 506 438 616 quotidie
479 529 627 584 aut⁴
653 507 1215 586 vulnerarentur
1247 565 1267 601 ,
1319 529 1450 584 aut
1495 507 1867 586 caderent.
1918 488 2201 593 Dii-uta

101 651 231 730 per
256 621 333 699 id
360 645 655 727 tempus
682 651 851 701 arce
877 627 1119 701 ruinas
1161 622 1318 702 suas
1346 650 1483 728 pro
1526 626 1753 700 muris
1785 679 1805 717 ,
1849 622 1978 726 qui
2018 609 2202 703 nulli

96 759 307 816 erant
339 794 360 832 ‚
399 733 735 816 Lusitani
757 737 1180 816 tuebantur.
1226 735 1484 815 Hostis
1523 737 1869 842 superatis
1921 755 2200 839 propu—

98 852 435 966 gnaculis
467 910 487 948 ,
554 857 630 932 in
695 853 849 959 ipso
909 848 1110 959 quasi
1161 854 1488 931 victoriae
1532 849 1896 932 vestibulo
1941 852 2202 931 trium:

100 967 335 1075 phun]
370 964 828 1080 designabat.
871 966 1214 1046 Acceffit=
1246 972 1494 1073 inopia
1535 1025 1556 1064 ‚
1597 966 1686 1044 &
1725 964 1960 1043 fames
1995 1019 2015 1057 ,
2056 961 2206 1040 fru-

100 1081 319 1194 gibus
343 1139 364 1176 ‚
392 1083 877 1188 carnibusque
908 1077 1402 1188 consumptis:
1439 1080 1527 1159 ὃζ
1551 1102 1810 1187 praeter
1835 1078 2023 1158 faeda
2053 1081 2207 1154 ani-

99 1195 324 1273 malia
345 1252 365 1291 ‚
403 1197 768 1306 quidquid
793 1200 1021 1276 etiam
1048 1221 1203 1277 erat
1237 1197 1713 1277 frtifficofiim
1731 1253 1752 1292 ,
1778 1192 2203 1284 herbidum,

100 1309 561 1390 in-alimenta
600 1312 961 1393 converso
1001 1371 1020 1408 ‚
1061 1312 1238 1391 hinc
1282 1312 1520 1423 vulgo
1547 1316 1974 1423 ingruerant
2006 1334 2206 1392 mor·

100 1424 226 1503 bi:
269 1426 591 1534 testisque
640 1425 728 1505 &
778 1433 1080 1522 animis,
1133 1427 1221 1505 δί
1282 1427 1720 1533 corporibus
1755 1482 1776 1521 ‚
1830 1425 1961 1533 qui
2005 1449 2209 1509 arma

101 1542 412 1620 tracta-re
443 1537 729 1645 possent
757 1599 778 1636 ‚
823 1548 952 1622 vix
992 1566 1305 1621 centum
1334 1601 1356 1639 ‚
1402 1542 1487 1619 &
1532 1544 2066 1653 quinquaginta
2094 1536 2203 1614 su·

102 1676 479 1761 pererant.
511 1658 782 1763 Atque
827 1661 877 1735 ii
921 1657 1333 1736 admodum
1362 1687 1555 1768 aegre
1587 1655 2210 1746 continebantur,

103 1773 504 1876 quominus
534 1774 607 1848 in
633 1769 955 1851 hostium
991 1772 1340 1859 stationes
1381 1774 1582 1852 ultro
1612 1776 1981 1876 impetum
2006 1769 2208 1851 face-

104 1905 310 1978 rent,
346 1890 670 1995 Vitaeque
698 1886 1018 1967 miserias
1041 1945 1061 1984 ‚
1106 1887 1192 1964 &
1228 1916 1586 1967 aerumnas
1631 1883 1942 1964 honesta
1967 1902 2212 1964 morte

98 1995 418 2075 finirent.
460 2003 553 2076 In
595 2002 746 2079 hoc
774 2030 1023 2081 rerum
1063 2002 1475 2082 discrimine
1506 2003 1631 2079 diu
1658 2003 2132 2107 expectatum
2161 2023 2203 2076 a

106 2108 294 2191 Goa
335 2110 734 2194 subsidium
776 2117 1100 2198 advenit.
1167 2120 1470 2198 Armati
1522 2115 1734 2221 fiipra
1776 2136 2208 2228 nongentos

107 2253 291 2305 cum
318 2234 526 2308 omni
561 2258 808 2308 rerum
835 2232 1061 2338 copi-21
1094 2239 1170 2311 in
1207 2262 1377 2313 arce
1414 2227 1728 2335 expositi
1751 2263 1770 2327 3
1798 2236 1926 2338 qui
1950 2236 2027 2308 in
2053 2228 2216 2306 bar-

110 2341 466 2420 barorum
502 2341 760 2423 Castra
786 2366 1068 2426 temere
1109 2373 1583 2454 erumpentes
1617 2402 1638 2441 ,
1685 2372 1947 2451 parum
1981 2343 2214 2422 fortu-

111 2484 226 2533 nae
255 2457 733 2538 dimicavere.
763 2458 940 2539 Post
975 2461 1136 2542 haee
1179 2464 1678 2542 Rumecanes
1700 2465 1809 2558 ‚in
1838 2460 2216 2538 Thomaeo

114 2573 691 2683 propugnaculo
730 2597 1000 2655 terram
1045 2606 1138 2656 ex
1193 2577 1517 2657 inferiori
1551 2600 1758 2683 parte
1797 2580 1954 2656 erui
1982 2573 2219 2672 juffit,

115 2708 202 2763 ut
225 2687 517 2792 pondus
555 2717 949 2769 murorum
984 2690 1284 2772 fulchro
1337 2691 1770 2771 destitutum
1803 2749 1822 2787 ‚
1858 2689 2061 2770 mole
2089 2684 2218 2768 sua

117 2824 402 2897 rueret,
441 2825 743 2908 erept0‚
791 2810 913 2883 cui
957 2808 1374 2904 nitebatur,
1410 2806 1932 2886 fundamento*
1982 2806 2214 2883 Hanc

117 2941 298 2994 vero
347 2915 1023 3029 perniciosissimam
1073 2924 1551 3002 molitionem
1595 2917 1893 3001 Dienfis
1946 2919 2219 2999 Praefe-

119 3027 282 3106 &us
308 3028 730 3135 opportune
758 3033 1186 3117 disturbavit
1204 3097 1224 3134 ‚
1252 3045 1539 3118 ¹novam
1577 3041 2025 3116 exinteriosri
2052 3063 2214 3142 par-

121 3162 199 3223 te
227 3150 732 3229 munitionem
757 3147 1154 3257 aedificans,
1178 3155 1477 3241 Interea
1510 3152 2008 3242 Rumecanes
2037 3179 2222 3229 con-

1941 3292 2210 3365 jiciens
