2410 3562
116 155 554 250 Fernandez
584 156 962 275 singularis
988 166 1218 243 virtus
1261 164 1974 271 praecipuesenituit.
2002 153 2212 243 Post-

115 313 343 395 quam
377 283 566 364 Rex
601 307 643 357 e
672 278 944 360 Castris
974 280 1227 359 aberat
1260 338 1280 375 ‚
1331 280 1623 361 Sofares
1659 300 1949 382 novum
1985 303 2212 388 agge-

114 429 277 482 rem
299 397 607 478 molitus
649 394 750 474 est
789 426 829 474 e
867 401 1177 509 regione
1222 395 1577 476 Thomaei
1621 391 2207 507 propugnaculi5

114 542 338 625 que-m
365 513 673 591 tandem
692 510 981 592 statutae
997 515 1179 592 arcis
1196 511 1378 592 >loco
1395 511 1802 592 'sublimiori
1825 511 2209 594 Thomaeo

112 628 442 712 Castello
469 625 741 708 balistae
762 686 783 724 ‚
835 633 1091 735 paucis
1120 627 1284 735 post
1312 630 1568 707 diebus
1597 633 1890 735 penitus
1918 619 2220 716 everte-⁴

105 775 211 827 re.
270 744 562 827 Sofares
596 772 784 825 vero
830 743 1198 856 congestis
1240 745 1498 824 dirutae
1543 746 1949 822 molitionis
1986 741 2217 820 rude-

105 862 305 955 ribus
341 863 498 942 duo
542 860 776 941 millia
830 862 1174 968 peditum
1210 861 1798 940 circumductam
1831 861 2020 938 Arci
2065 852 2207 936 tos?-

107 976 261 1058 {am
284 1005 578 1086 aequare
609 978 948 1056 decrevit
984 1032 1005 1072 ‚
1052 977 1231 1055 dum
1283 982 1531 1056 caeteri
1558 1004 1767 1082 paene
1806 973 2211 1088 legionarii

101 1090 465 1199 perpetua
489 1092 859 1171 miffilium
895 1148 916 1186 .,
962 1120 1051 1170 ac
1085 1090 1490 1171 ferrearum
1516 1087 1904 1204 glandium
1919 1087 2206 1189 jacula-

102 1211 317 1287 tione
357 1205 715 1287 arcebant
755 1234 797 1285 a
837 1211 1064 1286 muris
1099 1223 1716 1319 propugnatores.
1764 1205 2067 1284 Immiffi
2097 1224 2210 1279 ta-

97 1319 277 1401 men
302 1351 436 1429 per
476 1321 852 1430 posticum
889 1322 1189 1401 militari
1230 1321 1468 1400 fraudi
1494 1323 2027 1428 peridoneum,
2073 1322 2202 1424 qui

99 1434 1039 1550 perpetuo-egesttrfoffam
1066 1438 1378 1516 latentes
1408 1433 1909 1535 exhaurirent3
1948 1465 2035 1516 ac
2057 1456 2204 1512 tra-

99 1554 261 1631 dita
291 1583 424 1657 per
447 1583 711 1631 manus
741 1556 1005 1631 rudera
1025 1550 1312 1630 silentio
1333 1557 1410 1631 in
1432 1580 1683 1632 arcem
1714 1554 2191 1660 asportarent.

97 1670 168 1744 -Ii
186 1667 579 1744 deciduam
594 1669 1094 1776 undequaque
1114 1674 1501 1747 materiam
1523 1673 1625 1746 ita
1653 1666 2197 1760 subducebant,

95 1803 185 1860 ut
211 1810 436 1889 quam
473 1785 1038 1894 integerrimum
1083 1784 1369 1861 cumuli
1411 1781 1782 1895 fastigium
1821 1841 1840 1878 ,
1889 1781 2193 1861 fallendi

94 1894 320 1977 hostis
374 1896 600 1978 causa
635 1956 655 1994 ‚
706 1899 1264 2004 relinqueretur.
1314 1898 1493 2006 Qua
1557 1901 1646 1977 de
1695 1927 1772 1976 re
1825 1897 2114 1976 Sofares
2150 1923 2193 1976 a

96 2011 454 2118 praefectis
495 2010 792 2091 fabrum
842 2014 1267 2091 admonitus
1301 2068 1320 2107 ‚
1375 2015 1553 2091 dum
1606 2013 1701 2094 ad
1749 2041 1958 2092 oram
2015 2011 2192 2092 valli

95 2146 447 2232 properat
475 2125 825 2206 ferociter
859 2127 1456 2239 indignabundus
1489 2185 1510 2223 ‚
1548 2128 1757 2236 quod
1790 2129 2016 2208 suain
2043 2132 2194 2207 irri-

95 2262 263 2319 tum
292 2238 595 2322 consilia
622 2243 976 2321 caderent
1010 2299 1029 2335 ,
1077 2243 1165 2319 δε
1189 2247 1264 2319 in
1291 2243 1638 2320 dextrum
1662 2247 1951 2321 innixus
1980 2243 2190 2321 cubi—

92 2376 264 2432 tum
296 2353 778 2448 ‚aeLufitanam
809 2379 1150 2460 cryptam
1195 2363 1548 2435 attentius
1597 2359 2191 2462 contemplatur,

94 2464 428 2574 suspenso
464 2527 486 2567 ‚
534 2468 624 2547 &
691 2472 1213 2581 cogitabundo
1249 2530 1267 2567 ,
1327 2500 1803 2579 nequaquam
1855 2477 1930 2550 in
1980 2473 2187 2579 spem

93 2605 322 2662 tan-tae
350 2588 457 2663 rei
482 2581 724 2663 missus
753 2615 843 2664 ex
886 2615 1051 2665 arce
1095 2586 1361 2698 globus
1396 2645 1414 2682 ,
1469 2617 1777 2665 manum
1805 2585 2051 2681 simul,
2097 2591 2184 2674 ,δε

75 2695 413 2804 »sinciput
438 2699 754 2777 abstulit.
795 2702 1239 2779 Exercitum
1287 2703 1711 2780 universum
1739 2702 2211 2786 strenuiffimi.

94 2813 340 2892 Ducis
371 2810 733 2892 defiderio
763 2814 1105 2918 publicus
1141 2845 1404 2897 maeror
1447 2815 1728 2897 invasit.
1770 2815 1855 2894 N
1860 2815 2061 2898 ostris
2091 2818 2181 2902 ex

98 2955 268 3006 arc-e
309 2929 879 3034 inspectantibus
913 2987 933 3024 ‚
978 2930 1285 3008 ductum
1336 2933 1669 3026 militari,
1710 2963 1800 3011 ac
1859 2933 2174 3040 politico

68 3067 307 3122 <more
334 3040 572 3122 funus
602 3100 622 3139 ‚
668 3046 909 3124 tractis
937 3073 1068 3150 per
1091 3068 1359 3125 terram
1403 3046 1685 3126 vexillis
1714 3072 1734 3144 ,·
1782 3051 2174 3128 incondito

72 3177 632 3264 ÷tympanorum
669 3160 874 3265 pullu
905 3217 923 3255 ,
954 3160 1287 3267 tubisque
1320 3157 1602 3240 diffono
1630 3164 1983 3276 clangore
2014 3164 2183 3243 stre—

70 3298 75 3305 '
143 3288 179 3315 ⁸
990 3278 1082 3380 ἓξ
1143 3302 1194 3382 4
1258 3348 1261 3353 ,
1839 3272 2181 3385 pentibus
